@article{Go,
 author = {Alan S. Go and others},
 title = {Heart Disease and Stroke Statistics},
 journal = {Circulation},
 year = {2014},
 volume = {129},
 pages = {e206},
}

@article{Nurnber,
 author = {Alexander N\"urnberger and others},
 title = {Out of hospital cardiac arrest in Vienna: Incidence and outcome},
 journal = {Resucitation},
 year = {2013},
 volume = {84},
 pages = {42--47}
}

@article{Grasner,
 author = {Jan-Throsten Gr\"asner and others},
 title = {EuReCa ONE-27Nations, ONE Europe, ONE Registry A prospective one month analysis of out-of-hospital cardiac arrest outcomes in 27 countries in Europe},
 journal = {Resucitation},
 year = {2016},
 volume = {105},
 pages = {188--195}
}

@article{Chan,
 author = {Timothy C.Y. Chan and others},
 title = {Identifying  Locations  for  Public  Access  Defibrillators  Using Mathematical  Optimization},
 journal = {Cirulation},
 year = {2013},
 pages = {1800--1809}
}

@article{Church,
 author = {Richard Church and Charles Revelle},
 title = {The maximal covering location problem},
 journal = {Papers Regional Sci Assoc},
 year = {1974},
 volume = {32},
 pages = {101--120}
}

@article{ChanDemir,
 author = {Timothy C.Y. Chan and Derya Demirtas and Roy H. Kwon},
 title = {Optimizing the deploymen of Public Access Defibrillators},
 journal = {Management Science},
 year = {2016}
}

@article{Tierney,
 author = {Nicholas John Tierney and others},
 title = {Novel relocation methods for automatic external defibrillator improve out-of-hospital cardiac arrest coverage under limited resources},
 journal = {Resucitation},
 year = {2018},
 volume = {125},
 pages = {83--89}
}

@article{Dao,
 author = {Thi Hong Diep Dao},
 title = {Spatio-temporal location modeling in a 3D indoor environment: the case of AEDs as emergency medical devices},
 journal = {International Journal of Geographical Information Science},
 year = {2012},
 volume = {26},
 pages = {469--494}
}

@article{Chan3,
 author = {Timothy C.Y. Chan and Zuo-Jun Max Shen and Auyon Siddiq},
 title = {Robust Defibrillator Deployment Under Cardiac Arrest Location Uncertainty via Row-and-Column Generation},
 journal = {Operations Research},
 year = {2017},
 pages = {1--22}
}


@article{Bonnet,
 author = {Byran Bonnet and others},
 title = {Optimal placement of public-access AEDs in urban environments},
 journal = {Computers \& Industrial Engineering},
 year = {2015},
 volume = {90},
 pages = {269--280}
}

@article{Lorena,
 author = {Luiz A. N. Lorena and Marcos A. Pereira},
 title = {A langragean/surrogate heuristic for the maximal covering location problema using Hillsman's edition},
 year = {2015}
}
